@Article{fosseActivePassiveForms2019a,
  title = {Active and Passive Forms of Destructive Leadership in a Military Context: A Systematic Review and Meta-Analysis},
  shorttitle = {Active and Passive Forms of Destructive Leadership in a Military Context},
  author = {Thomas Hol Fosse and Anders Skogstad and St\aale Valvatne Einarsen and Monica Martinussen},
  year = {2019},
  month = {sep},
  volume = {28},
  pages = {708--722},
  issn = {1359-432X, 1464-0643},
  doi = {10.1080/1359432X.2019.1634550},
  file = {/Users/hsorlie/Zotero/storage/WFKFDCC7/Fosse et al. - 2019 - Active and passive forms of destructive leadership.pdf},
  journal = {European Journal of Work and Organizational Psychology},
  keywords = {Abusive Supervision,Destructive Leadership,Metastudy,Military},
  language = {en},
  number = {5},
}
